<record xmlns='http://www.loc.gov/MARC21/slim'><leader>01179nas a2200313 a 4500</leader><controlfield tag='001'>a6420988</controlfield><controlfield tag='003'>SIRSI</controlfield><controlfield tag='005'>20150321050002.0</controlfield><controlfield tag='008'>060518c19uu9999ko wr n       0   k0kor d</controlfield><datafield ind1=' ' ind2=' ' tag='043'><subfield code='a'>a-ko---</subfield></datafield><datafield ind1='0' ind2='0' tag='245'><subfield code='6'>880-01</subfield><subfield code='a'>Yŏsŏng sinmun =</subfield><subfield code='b'>The women&apos;s news.</subfield></datafield><datafield ind1='3' ind2='1' tag='246'><subfield code='a'>Women&apos;s news</subfield></datafield><datafield ind1=' ' ind2=' ' tag='260'><subfield code='6'>880-02</subfield><subfield code='a'>[Sŏul:</subfield><subfield code='b'>Yŏsŏng Sinmusa],</subfield></datafield><datafield ind1=' ' ind2=' ' tag='300'><subfield code='a'>no.</subfield></datafield><datafield ind1=' ' ind2=' ' tag='310'><subfield code='a'>Weekly</subfield></datafield><datafield ind1=' ' ind2=' ' tag='500'><subfield code='6'>880-03</subfield><subfield code='a'>Description based on: che 860-ho (2005. 12. 31-2006. 1. 6)</subfield></datafield><datafield ind1=' ' ind2=' ' tag='546'><subfield code='a'>In Korean.</subfield></datafield><datafield ind1=' ' ind2='0' tag='651'><subfield code='a'>Korea (South)</subfield><subfield code='v'>Newspapers.</subfield><subfield code=' '>^A135265</subfield></datafield><datafield ind1='2' ind2=' ' tag='710'><subfield code='6'>880-04</subfield><subfield code='a'>Yŏsŏng Sinmusa.</subfield><subfield code=' '>UNAUTHORIZED</subfield></datafield><datafield ind1=' ' ind2=' ' tag='752'><subfield code='a'>Korea (South)</subfield><subfield code='d'>Seoul.</subfield></datafield><datafield ind1='0' ind2='0' tag='880'><subfield code='6'>245-01</subfield><subfield code='a'>여성　신문 =</subfield><subfield code='b'>The women&apos;s news.</subfield></datafield><datafield ind1=' ' ind2=' ' tag='880'><subfield code='6'>260-02</subfield><subfield code='a'>[서울:</subfield><subfield code='b'>여성　신문사],</subfield></datafield><datafield ind1=' ' ind2=' ' tag='880'><subfield code='6'>500-03</subfield><subfield code='a'>Description based on: 제860호 (2005. 12. 31-2006. 1. 6)</subfield></datafield><datafield ind1='2' ind2=' ' tag='880'><subfield code='6'>710-04</subfield><subfield code='a'>여성　신문사.</subfield></datafield><datafield ind1=' ' ind2=' ' tag='035'><subfield code='a'>(OCoLC-M)49381464</subfield></datafield><datafield ind1=' ' ind2=' ' tag='035'><subfield code='a'>(OCoLC-I)164343618</subfield></datafield><datafield ind1=' ' ind2=' ' tag='596'><subfield code='a'>31</subfield></datafield><datafield ind1=' ' ind2=' ' tag='852'><subfield code='a'>CSt</subfield><subfield code='b'>SAL3</subfield><subfield code='c'>PAGE-EA</subfield><subfield code='t'>1</subfield></datafield><datafield ind1='3' ind2='1' tag='866'><subfield code='8'>1</subfield><subfield code='a'>2006-2007</subfield></datafield><datafield ind1=' ' ind2=' ' tag='999'><subfield code='a'>NEWSPAPER 2006/1/1-2006/12/31</subfield><subfield code='w'>ALPHANUM</subfield><subfield code='c'>1</subfield><subfield code='i'>36105118642029</subfield><subfield code='l'>PAGE-EA</subfield><subfield code='m'>SAL3</subfield><subfield code='r'>N</subfield><subfield code='s'>Y</subfield><subfield code='t'>NEWSPAPER</subfield><subfield code='u'>3/19/2007</subfield></datafield><datafield ind1=' ' ind2=' ' tag='999'><subfield code='a'>NEWSPAPER 2007/1/1-2007/12/31</subfield><subfield code='w'>ALPHANUM</subfield><subfield code='c'>1</subfield><subfield code='i'>36105118642037</subfield><subfield code='l'>PAGE-EA</subfield><subfield code='m'>SAL3</subfield><subfield code='r'>N</subfield><subfield code='s'>Y</subfield><subfield code='t'>NEWSPAPER</subfield><subfield code='u'>4/28/2008</subfield></datafield></record>